@article{Shah1998,
    title = "Proving of Bread Dough: Modelling the Growth of Individual Bubbles ",
    journal = "Food and Bioproducts Processing ",
    volume = "76",
    number = "2",
    pages = "73 - 79",
    year = "1998",
    note = "",
    author = "Shah, P. and Campbell, G.M. and Mckee, S.L. and Rielly, C.D."
}
%    issn = "0960-3085",
%    doi = "http://dx.doi.org/10.1205/096030898531828",

@article{VanDyck2014,
    title = "Characterisation of structural patterns in bread as evaluated by X-ray computer tomography ",
    journal = "Journal of Food Engineering ",
    volume = "123",
    number = "0",
    pages = "67 - 77",
    year = "2014",
    note = "",
    author = {Van Dyck, T. and Verboven, P. and Herremans, E. and Defraeye, T. and Van Campenhout, L. and Wevers, M. and Claes, J. and Nicola\"{i}, B.}
}
%    issn = "0260-8774",
%    doi = "http://dx.doi.org/10.1016/j.jfoodeng.2013.09.017",

@article{Mondal2008,
    title = "Bread baking - A review ",
    journal = "Journal of Food Engineering ",
    volume = "86",
    number = "4",
    pages = "465 - 474",
    year = "2008",
    note = "",
    author = "Arpita Mondal and A.K. Datta",
}
%    issn = "0260-8774",
%    doi = "http://dx.doi.org/10.1016/j.jfoodeng.2007.11.014",

@article{Babin2006,
title = "Fast X-ray tomography analysis of bubble growth and foam setting during breadmaking ",
journal = "Journal of Cereal Science ",
volume = "43",
number = "3",
pages = "393 - 397",
year = "2006",
note = "",
issn = "0733-5210",
author = "P. Babin and G. Della Valle and H. Chiron and P. Cloetens and J. Hoszowska and P. Pernot and A.L. Réguerre and L. Salvo and R. Dendievel",
}

@article{Xu2009,
 author = {Xu, Yong and Ji, Hui and Ferm\"{u}ller, Cornelia},
 title = {Viewpoint Invariant Texture Description Using Fractal Analysis},
 journal = {Int. J. Comput. Vision},
 issue_date = {June      2009},
 volume = {83},
 number = {1},
 month = jun,
 year = {2009},
 issn = {0920-5691},
 pages = {85--100},
 numpages = {16},
 publisher = {Kluwer Academic Publishers},
 address = {Hingham, MA, USA},
 keywords = {Fractal dimension, Multi-fractal spectrum, Texture classification, Texture description, Viewpoint invariance},
} 

@book{Mandelbrot1982,
    author = {Mandelbrot, Benoit B.},
    edition = {1},
    howpublished = {Hardcover},
    keywords = {dimensions, fractals, geometry, mathematics},
    month = aug,
    publisher = {W.H. Freeman},
    title = {{The fractal geometry of nature}},
    year = {1982}
}

@article {Gonzales2008,
   author = {Gonzales-Barron, Ursula and Butler, Francis},
   affiliation = {Biosystems Engineering, School of Agriculture, Food Science and Veterinary Medicine, University College Dublin, Earlsfort Terrace, Dublin 2, Ireland},
   title = {Fractal texture analysis of bread crumb digital images},
   journal = {European Food Research and Technology},
   publisher = {Springer Berlin / Heidelberg},
   issn = {1438-2377},
   keyword = {Chemistry and Materials Science},
   pages = {721-729},
   volume = {226},
   issue = {4},
   year = {2008}
}

@article{Floater2003,
title = "Mean value coordinates ",
journal = "Computer Aided Geometric Design ",
volume = "20",
number = "1",
pages = "19 - 27",
year = "2003",
note = "",
issn = "0167-8396",
author = "Michael S. Floater",
}
%doi = "http://dx.doi.org/10.1016/S0167-8396(03)00002-5",

@MASTERTHESIS{Powathil2004, 
  author =       "G. Powathil", 
  title =        "{A heat and mass transfer model for bread baking: an investigation using numerical schemes}", 
  school =       "National University of Singapore", 
  year =         "2004", 
  type =         "", }
  
@article{Scanlon2001,
    title = "Bread properties and crumb structure ",
    journal = "Food Research International ",
    volume = "34",
    number = "10",
    pages = "841 - 864",
    year = "2001",
    note = "",
    author = "M.G. Scanlon and M.C. Zghal",
}

@article{Purlis2010,
    author = {Purlis, Emmanuel},
    day = {10},
    doi = {10.1016/j.jfoodeng.2010.10.003},
    issn = {02608774},
    journal = {Journal of Food Engineering},
    month = oct,
    title = {Bread baking: Technological considerations based on process modelling and simulation},
    year = {2010}
}

@article{Levoy1988, 
    author={Levoy, M.}, 
    journal={Computer Graphics and Applications, IEEE}, 
    title={Display of surfaces from volume data}, 
    year={1988}, 
    month={May}, 
    volume={8}, 
    number={3}, 
    pages={29-37}, 
}
%doi={10.1109/38.511}, 
%ISSN={0272-1716}

@article{Max1995,
 author = {Max, Nelson},
 title = {Optical Models for Direct Volume Rendering},
 journal = {IEEE Transactions on Visualization and Computer Graphics},
 issue_date = {June 1995},
 volume = {1},
 number = {2},
 month = jun,
 year = {1995},
 issn = {1077-2626},
 pages = {99--108},
 numpages = {10},
 acmid = {614298},
 publisher = {IEEE Educational Activities Department},
 address = {Piscataway, NJ, USA},
 keywords = {Optical models, multiple scattering, extinction, volume shadows, volume rendering, emission, volume shading, participating media, discrete ordinates method, compositing.},
} 
% url = {http://dx.doi.org/10.1109/2945.468400},
% doi = {10.1109/2945.468400},

@inproceedings{Kruger2003,
 author = {Kruger, J. and Westermann, R.},
 title = {Acceleration Techniques for GPU-based Volume Rendering},
 booktitle = {Proceedings of the 14th IEEE Visualization 2003 (VIS'03)},
 series = {VIS '03},
 year = {2003},
 isbn = {0-7695-2030-8},
 pages = {38--},
 acmid = {1081482},
 publisher = {IEEE Computer Society},
 address = {Washington, DC, USA},
 keywords = {Volume Rendering, Programmable Graphics Hardware, Ray-Casting},
} 
% url = {http://dx.doi.org/10.1109/VIS.2003.10001},
% doi = {10.1109/VIS.2003.10001},

@book{Gonzalez2006,
 author = {Gonzalez, Rafael C. and Woods, Richard E.},
 title = {Digital Image Processing (3rd Edition)},
 year = {2006},
 isbn = {013168728X},
 publisher = {Prentice-Hall, Inc.},
 address = {Upper Saddle River, NJ, USA},
} 


@article{Floater2005,
 author = {Floater, Michael S. and K\'{o}s, G{\'e}za and Reimers, Martin},
 title = {Mean Value Coordinates in 3D},
 journal = {Comput. Aided Geom. Des.},
 issue_date = {October 2005},
 volume = {22},
 number = {7},
 month = oct,
 year = {2005},
 issn = {0167-8396},
 pages = {623--631},
 numpages = {9},
 publisher = {Elsevier Science Publishers B. V.},
 address = {Amsterdam, The Netherlands, The Netherlands},
} 

%url = {http://dx.doi.org/10.1016/j.cagd.2005.06.004},
 %doi = {10.1016/j.cagd.2005.06.004},
 
 @article{Ju2005,
 author = {Ju, Tao and Schaefer, Scott and Warren, Joe},
 title = {Mean Value Coordinates for Closed Triangular Meshes},
 journal = {ACM Trans. Graph.},
 issue_date = {July 2005},
 volume = {24},
 number = {3},
 month = jul,
 year = {2005},
 issn = {0730-0301},
 pages = {561--566},
 numpages = {6},
 acmid = {1073229},
 publisher = {ACM},
 address = {New York, NY, USA},
 } 

%url = {http://doi.acm.org/10.1145/1073204.1073229},
 %doi = {10.1145/1073204.1073229},
 
 @article{Breiman2001,
 author = {Breiman, Leo},
 title = {Random Forests},
 journal = {Mach. Learn.},
 issue_date = {October 1 2001},
 volume = {45},
 number = {1},
 month = oct,
 year = {2001},
 issn = {0885-6125},
 pages = {5--32},
 numpages = {28},
 publisher = {Kluwer Academic Publishers},
 address = {Hingham, MA, USA},
 keywords = {classification, ensemble, regression},
} 
%url = {http://dx.doi.org/10.1023/A:1010933404324},
% doi = {10.1023/A:1010933404324},

@book{Vapnik1995,
 author = {Vapnik, Vladimir N.},
 title = {The Nature of Statistical Learning Theory},
 year = {1995},
 isbn = {0-387-94559-8},
 publisher = {Springer-Verlag New York, Inc.},
 address = {New York, NY, USA},
} 

@INPROCEEDINGS{Baravalle2012,
  author = {Rodrigo Baravalle and Claudio Delrieux and Juan Carlos G\'omez},
  title = {Bread crumb classification using fractal and multifractal features},
  year = {2012},
  series = {Proceedings of the X Congreso Argentino de Mecánica Computacional
	(MECOM 2012)},
  pages = {3013 -- 3025},
  location = {Salta, Argentina}
}

@INPROCEEDINGS{FeiFei2004,
  author = {Fei-Fei, L. and Fergus, R. and Perona, P.},
  title = {Learning generative visual models from few training examples an incremental
	Bayesian approach tested on 101 object categories},
  booktitle = {Proceedings of the Workshop on Generative-Model Based Vision},
  year = {2004},
  address = {Washington, DC},
  month = {June}
}

@BOOK{Peitgen2004,
  title = {Chaos and fractals: new frontiers of science},
  publisher = {Springer},
  year = {2004},
  author = {Peitgen, Heinz-Otto and J\"urgens, Hartmut and Saupe, Dietmar},
  address = "New York, Berlin, Paris",
  keywords = {fidelitybook, media, social},
}

@article{Kajiya1984,
  title={RAY TRACING VOLUME DENSITIES},
  author={Kajiya, James T and Von Herren, Brian P},
  journal={Computer Graphics},
  volume={18},
  number={3},
  year={1984}
}

@article{Whitted1980,
 author = {Whitted, Turner},
 title = {An Improved Illumination Model for Shaded Display},
 journal = {Commun. ACM},
 issue_date = {June 1980},
 volume = {23},
 number = {6},
 month = jun,
 year = {1980},
 issn = {0001-0782},
 pages = {343--349},
 numpages = {7},
 publisher = {ACM},
 address = {New York, NY, USA},
 keywords = {computer animation, computer graphics, raster displays, shading, visible surface algorithms},
} 

%url = {http://doi.acm.org/10.1145/358876.358882},
 %doi = {10.1145/358876.358882},


@ARTICLE{Singh2010, 
author={Singh, J.M. and Narayanan, P. J.}, 
journal={Visualization and Computer Graphics, IEEE Transactions on}, 
title={Real-Time Ray Tracing of Implicit Surfaces on the GPU}, 
year={2010}, 
month={March}, 
volume={16}, 
number={2}, 
pages={261-272},  
}

%doi={10.1109/TVCG.2009.41}, 
%ISSN={1077-2626},

@incollection{Jensen1996,
year={1996},
booktitle={Rendering Techniques ’96},
series={Eurographics},
editor={Pueyo, Xavier and Schröder, Peter},
title={Global Illumination using Photon Maps},
publisher={Springer Vienna},
keywords={Global Illumination; Photon Maps; Monte Carlo Ray Tracing},
author={Jensen, HenrikWann},
pages={21-30},
language={English}
}

%isbn={978-3-211-82883-0},
%doi={10.1007/978-3-7091-7484-5_3},

@inproceedings{Lafortune1993,
    author = {Eric P. Lafortune and Yves D. Willems},
    title = {Bi-Directional Path Tracing},
    booktitle = {Proceedings of third international conference on computational graphics and visualization techniques (Compugraphics ’93)},
    year = {1993},
    pages = {145--153},
    publisher = {}
}

@techreport{Susi2007,
  title={Serious games: An overview},
  author={Susi, Tarja and Johannesson, Mikael and Backlund, Per},
  year={2007},
  address="University of Sk{\"o}vde, Sweden",
  institution="Institutionen f{\"o}r kommunikation och information"
}

@INPROCEEDINGS{Bosch2011,
    author = {Bosch, Marc and Zhu, Fengqing and Khanna, Nitin and Boushey Carol, J. and Delp, Edward J.},
    title = {Food Texture Descriptors Based on Fractal and Local Gradient Information},
    booktitle={European Signal Processing Conference},   
    series = {EUSIPCO 2011},
    year = {2011}
}